@misc{wiki:lj,
  author = "Wikipedia",
  title = "{Lennard-Jones potential --- Wikipedia{,} The Free Encyclopedia}",
  year = "2015",
  note = "[{\url{https://en.wikipedia.org/w/index.php?title=Lennard-Jones_potential&oldid=694525432}}; accessed 27-January-2016]"
}

@article{multi,
author = {Glenn J.   Martyna  and  Mark E.   Tuckerman  and  Douglas J.   Tobias  and  Michael L.   Klein},
title = {Explicit reversible integrators for extended systems dynamics},
journal = {Molecular Physics},
volume = {87},
number = {5},
pages = {1117-1157},
year = {1996},
doi = {10.1080/00268979600100761},
URL = {http://dx.doi.org/10.1080/00268979600100761},
eprint = {http://dx.doi.org/10.1080/00268979600100761}
}

@book{molsim,
   author = "Daan Frenkel and Berend Smit",
   title = "{Understanding Molecular Simulation: From Algorithms to Applications}",
   publisher = "Academic Press",
   edition = "Second",
   year = "2002"
}

@book{allen_tildesley,
   author = "M.P. Allen and D.J. Tildesley",
   title = "{Computer Simulation of Liquids}",
   publisher = "Clarendon Press",
   address = "Oxford",
   year = "1987"
}

@misc{wiki:symplectic,
  author = "Wikipedia",
  title = "Symplectic integrator --- Wikipedia{,} The Free Encyclopedia",
  year = "2016",
  note = "[\url{https://en.wikipedia.org/w/index.php?title=Symplectic_integrator&oldid=704657907}; accessed 13-February-2016]"
}

@misc{case_study,
   author = "Daan Frenkel \& Berend Smit",
   title = "{Case Study 4: Static Properties of the Lennard-Jones Fluid}",
   note = "[\url{http://www.acmm.nl/molsim/frenkel_smit/CaseStudy_4/index.html}; accessed 16-January-2016]"
}

 @misc{chronogrator,
  author = "{Jaro Camphuijsen, Rahiel Kasim}",
  title = "{Chronogrator}",
  note = "[{\url{https://github.com/sunsistemo/chronogrator}}; accessed 22-Februari-2016]"
}

@misc{sunsistemoGH,
  author = "{Jaro Camphuijsen, Rahiel Kasim}",
  title = "{Sunsistemo on GitHub}",
  note = "[{\url{https://github.com/sunsistemo/sunsistemo}}; accessed 4-November-2015]"
}

@misc{sunsistemo,
  author = "{Jaro Camphuijsen, Rahiel Kasim}",
  title = "{Sunsistemo - The N-Body Simulator}",
  note = "[{\url{https://sunsistemo.js.org}}; accessed 4-November-2015]"
}
